@online{Raft:2014,
author = {Passer, Dirch and Petersen, Kjeld},
title = {The raft sketch},
month = may,
year = {2014},
url = {https://www.youtube.com/watch?v=6eKDOfiI9ks}
}

@Book{Holm:2014,
author = {Holm, Andreas Beck},
editor = {Elisabeth Xian-an Li},
title = {Philosophy of Science - An introduction for Future Knowledge Workers},
publisher = {Samfundslitteratur},
year = {2014}
}
